@ARTICLE{BrPi2005,
    author = {Брагилевский, Виталий Николаевич and Пилиди, Владимир Ставрович},
    title = {Аналог теоремы И. Б. Симоненко об огибающем операторе для операторов в пространствах векторнозначных функций},
    year = {2005},
    pages = {3-8},
    number = {4},
    journal = {Изв. вузов. Сев.-Кав. регион. Естеств. науки.} 
}

@MVBOOK{Lvo2003,
    author = {Львовский, Сергей Михайлович},
    title = {Набор и вёрстка в системе \LaTeX},
    year = {2006}, 
    language = {russian},
    publisher = {МЦНМО},
    location = {М.},
    hyphenation = {russian},
    url = {http://www.mccme.ru/free-books/llang/newllang.pdf}
}

@MVBOOK{TanAus2013,
    author = {Таненбаум, Эндрю and Остин, Тодд},
    title = {Архитектура компьютера},
    edition = {6-е изд},
    year = {2013}, 
    language = {russian},
    publisher = {Питер},
    location = {СПб.},
    hyphenation = {russian}
}

@ONLINE{mmcs,
    title = {Сайт Мехмата ЮФУ},
    language = {russian},
    hyphenation = {russian},
    url = {http://mmcs.sfedu.ru},
    urldate = {2015-01-01},
}

@ONLINE{tomita-parser,
    title = {Официальный сайт <<Томита-парсер>>},
    language = {russian},
    hyphenation = {russian},
    url = {https://tech.yandex.ru/tomita}
}

@ONLINE{tomita-parser-habr,
    title = {Что такое Томита-парсер, как Яндекс с его помощью понимает естественный язык, и как вы с его помощью сможете извлекать факты из текстов},
    language = {russian},
    hyphenation = {russian},
    url = {https://habrahabr.ru/company/yandex/blog/219311}
}

@ONLINE{tomita-algorithm,
    title = {GLR-parser},
    language = {english},
    hyphenation = {english},
    url = {https://en.wikipedia.org/wiki/GLR_parser}
}

@ARTICLE{WeakStructuredDocs,
    author = {В.А.Губин and Ю.Ю.Шевякова},
    title = {Классификация текстовых фрагментов слабоструктурированных текстовых документов как атрибут данных или как значение атрибута данных},
    year = {2011},
    pages = {1}
}

@ONLINE{pymorphy2-home,
    title = {Морфологический анализатор pymorphy2},
    language = {russian},
    hyphenation = {russian},
    url = {https://pymorphy2.readthedocs.io/en/latest}
}

@ONLINE{pymorphy2-guide,
    title = {Руководство пользователя},
    language = {russian},
    hyphenation = {russian},
    url = {https://pymorphy2.readthedocs.io/en/latest/user/guide.html}
}

@ONLINE{bison-home,
    title = {GNU Bison},
    language = {english},
    hyphenation = {english},
    url = {https://www.gnu.org/software/bison}
}

@ONLINE{Open-Office-XML,
    title = {Open Office XML},
    language = {english},
    hyphenation = {english},
    url = {http://www.ecma-international.org/publications/standards/Ecma-376.htm}
}

@ONLINE{DOC-Format,
    title = {Внутренности вордовских файлов: просто ужас},
    language = {russian},
    hyphenation = {russian},
    url = {https://habrahabr.ru/post/110019/}
}

@ONLINE{mystem,
    title = {Официальный сайт MyStem},
    language = {russian},
    hyphenation = {russian},
    url = {https://tech.yandex.ru/mystem}
}

@ONLINE{aot,
    title = {Автоматическая Обработка Текста},
    language = {russian},
    hyphenation = {russian},
    url = {http://aot.ru/}
}

@ONLINE{tree-tagger,
    title = {TreeTagger - a part-of-speech tagger for many languages},
    language = {english},
    hyphenation = {english},
    url = {http://www.cis.uni-muenchen.de/~schmid/tools/TreeTagger/}
}

@ONLINE{stemka,
    title = {Stemka},
    language = {russian},
    hyphenation = {russian},
    url = {https://nlpub.ru/Stemka}
}

@ONLINE{flex-home,
    title = {GNU Flex},
    language = {english},
    hyphenation = {english},
    url = {https://github.com/westes/flex}
}

@ONLINE{formal-grammar,
    title = {Формальная грамматика},
    language = {russian},
    hyphenation = {russian},
    url = {https://en.wikipedia.org/wiki/Formal_grammar}
}

@ONLINE{homsky-hierarchy,
    title = {Иерархия Хомского},
    language = {russian},
    hyphenation = {russian},
    url = {https://en.wikipedia.org/wiki/Chomsky_hierarchy}
}

@ONLINE{backus-naur,
    title = {Форма Бэкуса — Наура},
    language = {russian},
    hyphenation = {russian},
    url = {https://en.wikipedia.org/wiki/Backus%E2%80%93Naur_form}
}

@ONLINE{slr1,
    title = {SLR(1)},
    language = {russian},
    hyphenation = {russian},
    url = {https://ru.wikipedia.org/wiki/SLR(1)}
}

@ARTICLE{GLR-pars-algo,
    author = {Giorgios Robert Economopoulos and Ю.Ю.Шевякова},
    title = {Generalised LR parsing algorithms},
    year = {2006},
    pages = {36},
    location = {Royal Holloway, University of London}
}

@ONLINE{ll-parser,
    title = {LL parser},
    language = {russian},
    hyphenation = {russian},
    url = {https://en.wikipedia.org/wiki/LL_parser}
}

@ONLINE{first-follow,
    title = {First and Follow Sets},
    language = {english},
    hyphenation = {english},
    url = {https://www.jambe.co.nz/UNI/FirstAndFollowSets.html}
}

@ONLINE{lr-parsing,
    title = {LR parsing},
    language = {english},
    hyphenation = {english},
    url = {http://digital.cs.usu.edu/~allan/Compilers/Notes/LRParsing.pdf}
}

@ONLINE{automation,
    title = {Конечный автомат},
    language = {russian},
    hyphenation = {russian},
    url = {https://en.wikipedia.org/wiki/Finite-state_machine}
}

@ONLINE{tomita-habr,
    title = {Что такое Томита-парсер, как Яндекс с его помощью понимает естественный язык, и как вы с его помощью сможете извлекать факты из текстов},
    language = {russian},
    hyphenation = {russian},
    url = {https://habrahabr.ru/company/yandex/blog/219311/}
}

@ONLINE{opencorpora-home,
    title = {Открытый корпус},
    language = {russian},
    hyphenation = {russian},
    url = {http://opencorpora.org/}
}